@book{pierce:2002:types,
  title = {{Types and programming languages}},
  author = {Benjamin C. Pierce},
  isbn = {9780262162098},
  lccn = {2001044428},
  url = {http://www.google.com/books?id=ti6zoAC9Ph8C},
  year = {2002},
  publisher = {MIT Press},
  plclub = {Yes},
  bcp = {Yes},
  keys = {books},
  homepage = {http://www.cis.upenn.edu/~bcpierce/tapl},
  errata = {http://www.cis.upenn.edu/~bcpierce/tapl/errata.txt},
}

@inbook{barendregt:1992:lambda,
  author = {Henk P. Barendregt},
  title = {Lambda calculi with types},
  book = {Handbook of logic in computer science (vol. 2)},
  year = {1992},
  isbn = {0-19-853761-1},
  pages = {117--309},
  numpages = {193},
  url = {http://portal.acm.org/citation.cfm?id=162552.162561},
  acmid = {162561},
  publisher = {Oxford University Press, Inc.},
  address = {New York, NY, USA},
}

@inproceedings{barendregt:1992:lambdaProc,
  author = {Henk P. Barendregt},
  title = {Lambda Calculi with Types},
  volume = {2},
  booktitle = {Handbook of Logic in Computer Science},
  year = {1992},
  pages = {117--309},
  publisher = {Oxford University Press},
}

@misc{haskell2010,
  author = {Simon Marlow},
  title = {Haskell 2010 Language Report},
  year = {2010},
  url = {www.haskell.org/definition/haskell2010.pdf},
  note = {\url{www.haskell.org/definition/haskell2010.pdf}},
}

@misc{haskell.org,
  howpublished = {WWW},
  title = {Haskell.org},
  url = {http://haskell.org/},
  note = {\url{http://haskell.org}},
  year = {2011},
}

@misc{libor,
  author = {Libor Å karvada},
  howpublished = {Personal communication},
  year = {2011},
  url = {http://www.fi.muni.cz/~libor/},
  note = {\url{http://www.fi.muni.cz/~libor/}},
}

@article{parker:tlii,
  author = {Conrad Parker},
  journal = {The Monad.Reader},
  month = {September},
  title = {{Type-Level Instant Insanity}},
  volume = {Issue Eight},
  year = {2007},
  url = {http://www.haskell.org/wikiupload/d/dd/TMR-Issue8.pdf}
}

@article{typeclassopedia,
  title = {{Typeclassopedia}},
  author = {Yorgey, Brent},
  editor = {Swierstra, Wouter},
  journal = {The Monad.Reader},
  keywords = {haskell, type\_classes},
  year = {2009},
  month = mar,
  day = {12},
  volume = {Issue thir\-teen},
  number = {13},
  pages = {17--68},
  url = {http://www.haskell.org/wikiupload/8/85/TMR-Issue13.pdf}
}

@techreport{GADT+Kind=Dep,
  author = {Tim Sheard and James Hook and Nathan Linger},
  title = {{GADT}s + Extensible Kinds = Dependent Programming},
  subtitle = {A Programming Pearl for the 21st Century},
  year = {2005},
  institution = {Portland State University},
  url = {http://www.cs.pdx.edu/~sheard/},
  note = {\url{http://www.cs.pdx.edu/~sheard/}}
}

@article{luo:99:coercive,
  author = {Zhaohui Luo},
  title = {Coercive Subtyping},
  journal = {Journal of Logic and Computation},
  year = {1999},
  volume = {9},
  pages = {105-130},
  number = {1},
  url = {citeseer.ist.psu.edu/luo95coercive.html},
}

@misc{spjones:2009:funTypesFun,
  author = {Simon Peyton Jones and Chung-Chieh Shan and Oleg Kiselyov},
  title = {Fun with Type Functions},
  year = {2009},
  url = {http://research.microsoft.com/en-us/um/people/simonpj/papers/assoc-types/fun-with-type-funs/FunWithTypeFuns-Apr09.pdf},
  note = {\url{http://research.microsoft.com/en-us/um/people/simonpj/papers/assoc-types/fun-with-type-funs/FunWithTypeFuns-Apr09.pdf}},
}
